[
{"timestamp":"1323375541563", "orderId":"O20111208QO000000002", "event":"MarketDataEntry", "side":"BUY", "venue":"HSF", "quantity": "2M", "price":"0.85304", "niceTimestamp":"20111208-20:19:01.563"},
{"timestamp":"1323375541563", "orderId":"O20111208QO000000002", "event":"MarketDataEntry", "side":"BUY", "venue":"HSF", "quantity": "3M", "price":"0.85307", "niceTimestamp":"20111208-20:19:01.563"},
{"timestamp":"1323375542175", "orderId":"O20111208QO000000002", "event":"MarketDataEntry", "side":"BUY", "venue":"HSF", "quantity": "1M", "price":"0.85303", "niceTimestamp":"20111208-20:19:02.175"},
{"timestamp":"1323375542175", "orderId":"O20111208QO000000002", "event":"MarketDataEntry", "side":"BUY", "venue":"HSF", "quantity": "2M", "price":"0.85307", "niceTimestamp":"20111208-20:19:02.175"},
{"timestamp":"1323375542175", "orderId":"O20111208QO000000002", "event":"MarketDataEntry", "side":"BUY", "venue":"HSF", "quantity": "3M", "price":"0.8531", "niceTimestamp":"20111208-20:19:02.175"},
{"timestamp":"1323375542175", "orderId":"O20111208QO000000002", "event":"MarketDataEntry", "side":"BUY", "venue":"HSF", "quantity": "4M", "price":"0.85311", "niceTimestamp":"20111208-20:19:02.175"},
{"timestamp":"1323375542471", "orderId":"O20111208QO000000002", "event":"MarketDataEntry", "side":"BUY", "venue":"HSF", "quantity": "1M", "price":"0.85303", "niceTimestamp":"20111208-20:19:02.471"},
{"timestamp":"1323375542471", "orderId":"O20111208QO000000002", "event":"MarketDataEntry", "side":"BUY", "venue":"HSF", "quantity": "3M", "price":"0.85306", "niceTimestamp":"20111208-20:19:02.471"},
{"timestamp":"1323375542471", "orderId":"O20111208QO000000002", "event":"MarketDataEntry", "side":"BUY", "venue":"HSF", "quantity": "4M", "price":"0.8531", "niceTimestamp":"20111208-20:19:02.471"},
{"timestamp":"1323375542471", "orderId":"O20111208QO000000002", "event":"MarketDataEntry", "side":"BUY", "venue":"HSF", "quantity": "1M", "price":"0.85303", "niceTimestamp":"20111208-20:19:02.471"},
{"timestamp":"1323375542471", "orderId":"O20111208QO000000002", "event":"MarketDataEntry", "side":"BUY", "venue":"HSF", "quantity": "2M", "price":"0.85306", "niceTimestamp":"20111208-20:19:02.471"},
{"timestamp":"1323375542471", "orderId":"O20111208QO000000002", "event":"MarketDataEntry", "side":"BUY", "venue":"HSF", "quantity": "4M", "price":"0.8531", "niceTimestamp":"20111208-20:19:02.471"},
{"timestamp":"1323375542471", "orderId":"O20111208QO000000002", "event":"MarketDataEntry", "side":"BUY", "venue":"HSF", "quantity": "2X", "price":"0.85303", "niceTimestamp":"20111208-20:19:02.471"},
{"timestamp":"1323375542471", "orderId":"O20111208QO000000002", "event":"MarketDataEntry", "side":"BUY", "venue":"HSF", "quantity": "3X", "price":"0.85306", "niceTimestamp":"20111208-20:19:02.471"},
{"timestamp":"1323375542471", "orderId":"O20111208QO000000002", "event":"MarketDataEntry", "side":"BUY", "venue":"HSF", "quantity": "4X", "price":"0.8531", "niceTimestamp":"20111208-20:19:02.471"}

]